<record><leader>00000cas a22000007a 4500</leader><controlfield tag="001">14048139</controlfield><controlfield tag="008">860805d19471948iluwr ne      0    0eng d</controlfield><datafield ind1=" " ind2=" " tag="010"><subfield code="a">sn 86058079 </subfield></datafield><datafield ind1=" " ind2=" " tag="040"><subfield code="a">NPI</subfield><subfield code="b">eng</subfield><subfield code="c">NPI</subfield><subfield code="d">OCLCQ</subfield></datafield><datafield ind1=" " ind2=" " tag="042"><subfield code="a">msc</subfield></datafield><datafield ind1="0" ind2="0" tag="245"><subfield code="a">Chicago Sunday sun and times.</subfield></datafield><datafield ind1=" " ind2=" " tag="260"><subfield code="a">[Chicago, Ill.] :</subfield><subfield code="b">Sun and Times Co.,</subfield><subfield code="c">1947-1948.</subfield></datafield><datafield ind1=" " ind2=" " tag="300"><subfield code="a">1 v. :</subfield><subfield code="b">ill. ;</subfield><subfield code="c">38 cm.</subfield></datafield><datafield ind1=" " ind2=" " tag="310"><subfield code="a">Weekly</subfield></datafield><datafield ind1="0" ind2=" " tag="362"><subfield code="a">Vol. 1, no. 1 (Oct. 5, 1947)-v. 1, no. 25 (Mar. 21, 1948).</subfield></datafield><datafield ind1=" " ind2=" " tag="580"><subfield code="a">Sunday ed. of Chicago sun, Oct. 5, 1947-Jan. 25, 1948; of Chicago daily sun and times, Feb. 1, 1948-Mar. 21, 1948.</subfield></datafield><datafield ind1=" " ind2=" " tag="752"><subfield code="a">United States</subfield><subfield code="b">Illinois</subfield><subfield code="c">Cook</subfield><subfield code="d">Chicago.</subfield></datafield><datafield ind1="1" ind2=" " tag="775"><subfield code="a">Chicago sun</subfield><subfield code="w">(DLC)sn 82016034</subfield></datafield><datafield ind1="1" ind2=" " tag="775"><subfield code="t">Chicago daily sun and times</subfield><subfield code="w">(DLC)sn 86058078</subfield></datafield><datafield ind1="0" ind2="0" tag="785"><subfield code="t">Chicago Sunday sun-times</subfield><subfield code="w">(DLC)sn 82014806</subfield></datafield></record>